@techreport{wisard2020,
  title = {{wisardpkg -- A Library for WiSARD-Based Models}},
  author = {Lima-Filho, Aluizio S. and Guarisa, Gabriel P. and Lusquino-Filho, Leopoldo A. D. and Oliveira, Luiz F. R. and Fran{\c c}a, Felipe M. G. and Lima, Priscila M. V.},
  month = {May},
  year = {2020},
  number = {1},
  address = {Rio de Janeiro (RJ), Brazil},
  type = {arXiv paper},
}

@techreport{haller2022,
  title = {{Survey on Automated Short Answer Grading with Deep Learning: from Word Embeddings to Transformers}},
  author = {Haller, Stefan and Aldea, Adina and Seifert, Christin and Strisciuglio, Nicola},
  month = {Mar},
  year = {2022},
  number = {1},
  address = {Twente, Netherlands},
  type = {arXiv paper},
}

@techreport{higgins2014,
  title = {{Is Getting the Right Answer Just About Choosing the Right Words? The Role of Syntactically-Informed Features in Short Answer Scoring}},
  author = {Higgins, Derrick and Brew, Chris and Heilman, Michael and Ziai, Ramon and Chen, Lei and Cahill, Aoife and Flor, Michael and Madnani, Nitin and Tetreault, Joel and Blanchard, Daniel and Napolitano, Diane and Lee, Chong Min and Blackmore, John},
  institution = {Educational Testing Service, Nuance Communications, Nuance Communications and Yahoo! Labs},
  month = {Mar},
  year = {2014},
  number = {2},
  address = {Princeton (NJ), USA},
  type = {arXiv paper},
}

@techreport{saha2019,
  title = {{Joint Multi-Domain Learning for Automatic Short Answer Grading}},
  author = {Saha, Swarnadeep and Dhamecha, Tejas I. and Marvaniya, Smit and Foltz, Peter and Sindhgatta, Renuka and Sengupta, Bikram},
  institution = {IBM Research - India, Pearson, Queensland University of Technology, Anudip Foundation},
  month = {Feb},
  year = {2019},
  number = {1},
  address = {New Delhi, India},
  type = {arXiv paper},
}


@techreport{gaddipati2020,
  title = {{Comparative Evaluation of Pretrained Transfer Learning Models on Automatic Short Answer Grading}},
  author = {Gaddipati, Sasi Kiran and Nair, Deebul and Pl{\"o}ger, Paul G.},
  institution = {Hochschule Bonn-Rhein-Sieg},
  month = {Sep},
  year = {2020},
  number = {1},
  address = {Sankt Augustin, Germany},
  type = {arXiv paper},
}

@mastersthesis{spalenza2017,
  title={{Aplica{\c c}{\~a}o de Sele{\c c}{\~a}o de Caracter{\'i}sticas para Melhoria de um Sistema Semiautom{\'a}tico de Avalia{\c c}{\~a}o de Quest{\~o}es Discursivas}},
  author={Spalenza, Marcos A.},
  address={Vit{\'o}ria, ES},
  year={2017},
  month={abril},
  school={PPGI - Universidade Federal do Esp{\'i}rito Santo}
}


@mastersthesis{pissinati2014,
  title = {{Uma Proposta de Corre{\c c}{\~a}o Semi-Autom{\'a}tica de Quest{\~o}es Discursivas e de Visualiza{\c c}{\~a}o de Atividades para Apoio {\`a} Atua{\c c}{\~a}o do Docente}},
  author = {Pissinati, Eduardo Marim},
  month = {Set},
  year = {2014},
  address = {Vit{\'o}ria (ES), Brasil},
  school = {PPGI - Universidade Federal do Esp{\'i}rito Santo}
}


@book{sweta2021,
  title = {{Modern Approach to Educational Data Mining and Its Applications}},
  author = {Sweta, Soni},
  edition = {1st},
  year = {2021},
  address = {Singapore},
  publisher = {Springer},
}


@book{bishop2006,
  title = {{Pattern Recognition and Machine Learning}},
  author = {Bishop, Christopher M.},
  edition = {2st},
  year = {2006},
  address = {Singapore},
  publisher = {Springer},
}

@book{arter2006,
  title = {{Creating \& Recognizing Quality Rubrics}},
  author = {Arter, Judith A. and Chappuis, Jan},
  series = {Assessment Training Institute, Inc Series},
  edition = {1st},
  year = {2006},
  address = {New York (NY), USA},
  publisher = {Pearson Education},
}

@book{nascimento2020,
  title = {{Construindo uma Atividade Experimental Problematizada (AEP) e Avaliando Seu N{\'i}vel Cognitivo de Aprendizagem Atrav{\'e}s do Software {pNota} no Contexto do Ensino Fundamental}},
  author = {Nascimento, Paula V. and Kauark, Fabiana S. and Moura, Paulo R. G.},
  series = {S{\'e}rie Guia Did{\'a}tico de Ci{\^e}ncias/Qu{\'i}mica},
  edition = {9},
  year = {2020},
  address = {Vila Velha (ES), Brasil},
  publisher = {Instituto Federal do Esp{\'i}rito Santo},
}

@book{manning1999,
  title = {{Foundations of Statistical Natural Language Processing}},
  author = {Manning, Christopher D. and Schutze, Hinrich},
  edition = {1st},
  year = {1999},
  address = {Cambridge (MA), USA},
  publisher = {MIT Press},
}

@book{manning2008,
  title = {{Introduction to Information Retrieval}},
  author = {Manning, Christopher D. and Raghavan, Prabhakar and Schutze, Hinrich},
  edition = {39th},
  year = {2008},
  address = {Cambridge (MA), USA},
  publisher = {Cambridge University Press},
}

@book{romero2010,
  title = {{Handbook of Educational Data Mining}},
  author = {Romero, Cristobal and Ventura, Sebastian and Pechenizkiy, Mykola and Baker, Ryan S. J. d.},
  edition = {1st},
  year = {2010},
  address = {Boca Raton (FL), USA},
  publisher = {CRC Press},
}

@book{han2011,
  title = {{Data Mining: Concepts and Techniques}},
  author = {Han, Jiawei and Pei, Jian and Kamber, Micheline},
  edition = {3rd},
  year = {2011},
  address = {Waltham (MA), USA},
  publisher = {Elsevier}
}

@book{maimon2005,
  title = {{Data Mining and Knowledge Discovery Handbook}},
  author = {Maimon, Oded and Rokach, Lior},
  edition = {1st},
  year = {2005},
  address = {New York (NY), USA},
  publisher = {Springer},
}

@book{everitt2011,
  title = {{Cluster Analysis}},
  author = {Everitt, Brian S. and Landau, Sabine and Leese, Morven and Stahl, Daniel},
  edition = {5th},
  year = {2011},
  address = {Chichester, United Kingdom},
  publisher = {John Wiley},
}

@book{baeza2011,
  title = {Modern Information Retrieval: The Concepts and Technology behind Search},
  author = {Baeza-Yates, Ricardo and Ribeiro-Neto, Berthier},
  edition = {2nd},
  year = {2011},
  address = {Boston (MA), USA},
  publisher = {Addison-Wesley Publishing Company},
}

@book{morettin2010,
  title = {{Estat{\'i}stica B{\'a}sica}},
  author = {Morettin, Pedro A. and Bussab, Wilton O.},
  edition = {6},
  year = {2010},
  address = {Pinheiros (SP), Brasil},
  publisher = {Editora Saraiva},
}

@book{jurafsky2009,
  title = {{Speech and Language Processing}},
  author = {Jurafsky, Daniel and Martin, James H.},
  edition = {2nd},
  year = {2009},
  address = {Upper Saddle River (NJ), USA},
  publisher = {Prentice-Hall, Inc.},
}

@book{goldberg2017,
  title = {{Neural Network Methods in Natural Language Processing}},
  author = {Goldberg, Yoav and Hirst, Graeme},
  edition = {1st},
  year = {2017},
  address = {San Rafael (CA), USA},
  publisher = {Morgan \& Claypool Publishers},
}

@article{salton1975,
  title = {{A Vector Space Model for Automatic Indexing}},
  author = {Salton, G. and Wong, A. and Yang, C. S.},
  journal = {Communications of the ACM},
  volume = {18},
  number = {11},
  pages = {613--620},
  year = {1975},
  publisher = {Association for Computing Machinery},
} 

@article{aleksander1984,
  title = {WISARD - a Radical Step Forward in Image Recognition},
  author = {Aleksander, Igor and Thomas, W. V. and Bowden, P. A.},
  journal = {Sensor Review},
  volume = {4},
  number = {3},
  pages = {120--124},
  year = {1984},
  publisher = {MCB UP Ltd},
}

@article{rousseeuw1987,
  title = {{Silhouettes: A Graphical Aid to the Interpretation and Validation of Cluster Analysis}},
  author = {Peter J. Rousseeuw},
  journal = {Journal of Computational and Applied Mathematics},
  volume = {20},
  number = {1},
  pages = {53--65},
  year = {1987},
  publisher = {Elsevier},
}

@article{cohen1960,
  title = {{A Coefficient of Agreement for Nominal Scales}},
  author = {Cohen, Jacob},
  journal = {Educational and Psychological Measurement},
  volume = {20},
  number = {1},
  pages = {37--46},
  year = {1960},
  publisher = {SAGE Publishing},
}
@article{calinskiharabasz1974,
  title = {{A Dendrite Method for Cluster Analysis}},
  author = {Cali{\'n}ski, T. and Harabasz J.},
  journal = {Communications in Statistics},
  volume = {3},
  number = {1},
  pages = {1--27},
  year = {1974},
  publisher = {Taylor \& Francis},
}

@article{daviesbouldin1979,
  title = {{A Cluster Separation Measure}},
  author = {Davies, David L. and Bouldin, Donald W.},
  journal = {IEEE Transactions on Pattern Analysis and Machine Intelligence}, 
  volume = {1},
  number = {2},
  pages = {224--227},
  year = {1979},
  publisher = {IEEE},
}


@article{bernius2022,
  title = {{Machine Learning Based Feedback on Textual Student Answers in Large Courses}},
  author = {Bernius, Jan P. and Krusche, Stephan and Bruegge, Bernd},
  journal = {Computers and Education: Artificial Intelligence},
  volume = {3},
  number = {1},
  pages = {100081.1--100081.16},
  year = {2022},
  publisher = {Elsevier},
}

@article{oliveira2013,
  title = {{Recommendation of Programming Activities by Multi-label Classification for a Formative Assessment of Students}},
  author = {Oliveira, M\'{a}rcia Gon\c{c}alves and Ciarelli, Patrick Marques and Oliveira, Elias},
  journal = {Expert Systems with Applications},
  volume = {40},
  number = {16},
  pages = {6641--6651},
  year = {2013},
  publisher = {Elsevier},
} 

@article{leffa2003,
  title = {{An{\'a}lise Autom{\'a}tica da Resposta do Aluno em Ambiente Virtual}},
  journal = {Revista Brasileira de Lingu{\'i}stica Aplicada},
  author = {Leffa, Vilson J.},
  volume = {3},
  number = {2},
  pages = {25--40},
  year = {2003},
  publisher = {SciELO},
}

@article{gunther2012,
  title = {{Perguntas Abertas Versus Perguntas Fechadas: Uma Compara{\c c}{\~a}o Emp{\'\i}rica}},
  author = {Gunther, Hartmut and Lopes-J{\'u}nior, Jair},
  journal = {Psicologia: Teoria e Pesquisa},
  volume = {6},
  number = {2},
  pages = {203--213},
  year = {2012},
  publisher = {Universidade de Bras{\'i}lia},
}

@article{bogarin2018,
  title = {{A Survey on Educational Process Mining}},
  author = {Bogar{\'\i}n, Alejandro and Cerezo, Rebeca and Romero, Crist{\'o}bal},
  journal = {Wiley Interdisciplinary Reviews: Data Mining and Knowledge Discovery},
  volume = {8},
  number = {1},
  pages = {e1230},
  year = {2018},
  publisher = {Wiley Online Library},
}

@article{oliveira2005,
  title = {{Compreens{\~a}o em Leitura e Avalia{\c c}{\~a}o da Aprendizagem em Universit{\'a}rios}},
  author = {Oliveira, Katya L. de and Santos, Ac{\'a}cia A. A.},
  journal = {Psicologia: Reflex{\~a}o e Cr{\'i}tica},
  volume = {18},
  number = {1},
  pages = {118--124},
  year = {2005},
  publisher = {SciELO},
}

@article{biggs1998,
  title = {{Assessment and Classroom Learning: A Role for Summative Assessment?}},
  author = {John Biggs},
  journal = {Assessment in Education: Principles, Policy \& Practice},
  volume = {5},
  number = {1},
  pages = {103--110},
  year  = {1998},
  publisher = {Routledge},
}

@article{kumar2020,
  title = {{Active Learning Query Strategies for Classification, Regression, and Clustering: A Survey}},
  author = {Kumar, Punit and Gupta, Atul},
  journal = {Journal of Computer Science and Technology},
  volume = {35},
  number = {4},
  pages = {913--945},
  year = {2020},
  publisher = {Springer},
}

@article{raes2020,
  title = {{A Systematic Literature Review on Synchronous Hybrid Learning: Gaps Identified}},
  author = {Raes, Annelies and Detienne, Loulou and Windey, Ine and Depaepe, Fien},
  journal = {Learning Environments Research},
  volume = {23},
  number = {3},
  pages = {269--290},
  year = {2020},
  publisher = {Springer},
}

@article{barreira2006,
  title = {{Avalia{\c c}{\~a}o Formativa: Novas Formas de Ensinar e Aprender}},
  journal = {Revista Portuguesa de Pedagogia},
  author = {Barreira, Carlos and Boavida, Jo{\~a}o and Ara{\'u}jo, Nuno},
  volume = {40},
  number = {3},
  pages = {95--133},
  year = {2006},
  publisher = {Universidade de Coimbra},
}

@article{madero2019,
  title = {{Secondary Teacher’s Dissatisfaction with the Teaching Profession in Latin America: The Case of Brazil, Chile, and Mexico}},
  author = {Madero, Cristobal},
  journal = {Teachers and Teaching},
  volume = {25},
  number = {3},
  pages = {358--378},
  year  = {2019},
  publisher = {Routledge},
}

@article{lui2022,
  title = {{A Framework for Effectively Utilising Human Grading Input in Automated Short Answer Grading}},
  author = {Lui, Andrew Kwok-Fai and Ng, Sin-Chun and Cheung, Stella Wing-Nga},
  journal = {International Journal of Mobile Learning and Organisation},
  volume = {16},
  number = {3},
  pages = {266--286},
  year = {2022},
  publisher = {Inderscience Publishers},
}

@article{silva2007,
  title = {{On Text-based Mining with Active Learning and Background Knowledge Using SVM}},
  author = {Silva, Catarina and Ribeiro, Bernardete},
  journal = {Soft Computing},
  volume = {11},
  number = {6},
  pages = {519--530},
  year = {2007},
  publisher = {Springer},
}

@article{miller2020,
  title = {{Active Learning Approaches for Labeling Text: Review and Assessment of the Performance of Active Learning Approaches}},
  author = {Miller, Blake and Linder, Fridolin and Mebane, Walter R.},
  journal = {Political Analysis},
  volume = {28},
  number = {4},
  pages = {532--551},
  year = {2020},
  publisher = {Cambridge University Press},
}

@article{ferreira-mello2019,
  title = {{Text Mining in Education}},
  author = {Ferreira-Mello, Rafael and Andr{\'e}, M{\'a}verick and Pinheiro, Anderson and Costa, Evandro and Romero, Cristobal},
  journal = {WIREs Data Mining and Knowledge Discovery},
  volume = {9},
  number = {6},
  pages = {e1332.1--e1332.49},
  year = {2019},
  publisher = {Wiley Online Library},
}

@article{burrows2015,
  title = {{The Eras and Trends of Automatic Short Answer Grading}},
  author = {Burrows, Steven and Gurevych, Iryna and Stein, Benno},
  journal = {International Journal of Artificial Intelligence in Education},
  volume = {25},
  number = {1},
  pages = {60--117},
  year = {2015},
  publisher = {Springer},
}

@article{perez-marin2009,
  title = {{Computer-Assisted Assessment of Free-Text Answers}},
  author = {P{\'e}rez-Mar{\'i}n, Diana and Pascual-Nieto, Ismael and Rodr{\'i}guez, Pilar},
  journal = {The Knowledge Engineering Review}, 
  volume = {24},
  number = {4},
  year = {2009},
  pages = {353--374},
  publisher = {Cambridge University Press},
}

@article{johnstone2002,
  title = {{Effects of Repeated Practice and Contextual-Writing Experiences on College Students' Writing Skills}},
  author = {Johnstone, Karla M. and Ashbaugh, Hollis and Warfield, Terry D.},
  journal = {Journal of Educational Psychology},
  volume = {94},
  number = {2},
  pages = {305--315},
  year = {2002},
  publisher = {American Psychological Association},
}

@article{bilgin2017,
  title = {{Academic Workload Implications of Assessing Student Learning in Work-Integrated Learning}},
  author = {Bilgin, Ayse A and Rowe, Anna D. and Clark, Lindie},
  journal = {Asia-Pacific Journal of Cooperative Education},
  volume = {18},
  number = {2},
  pages = {167--183},
  year = {2017},
  publisher = {ERIC},
}

@article{blei2003,
  title = {{Latent Dirichlet Allocation}},
  author = {Blei, David M. and Ng, Andrew Y. and Jordan, Michael I.},
  journal = {Journal of Machine Learning Research},
  volume = {3},
  number = {1},
  pages = {993--1022},
  year = {2003},
  publisher = {MIT Press},
}

@article{hoffman2013,
  title = {{Stochastic Variational Inference}},
  author = {Matthew D. Hoffman and David M. Blei and Chong Wang and John Paisley},
  journal = {Journal of Machine Learning Research},
  volume = {14},
  number = {40},
  pages = {1303--1347},
  year = {2013},
  publisher = {MIT Press},
}

@article{artstein2008,
  title = {{Inter-Coder Agreement for Computational Linguistics}},
  author = {Artstein, Ron and Poesio, Massimo},
  journal = {Computational Linguistics},
  volume = {34},
  number = {4},
  pages = {555--596},
  year = {2008},
  publisher = {MIT Press},
}

@article{butcher2010,
  title = {{A Comparison of Human and Computer Marking of Short Free-Text Student Responses}},
  author = {Butcher, Philip G. and Jordan, Sally E.},
  journal = {Computers \& Education},
  volume = {55},
  number = {2},
  pages = {489--499},
  year = {2010},
  publisher = {Elsevier},
}

@article{bezerra2008,
  title = {{Quest{\~o}es Discursivas para Avalia{\c c}{\~a}o Escolar}},
  author = {Bezerra, Maria Auxiliadora},
  journal = {Acta Scientiarum. Language and Culture},
  volume = {30},
  number = {2},
  year = {2008}, 
  pages = {149--157},
  publisher = {Universidade Estadual de Maring{\'a}},
}

@article{mohapatra2017,
  title = {{Adopting MOOCs for Afforable Quality Education}},
  author = {Mohapatra, Sanjay and Mohanty, Rituparna},
  journal = {Education and Information Technologies},
  volume = {22},
  number = {5},
  year = {2017}, 
  pages = {2027--2053},
  publisher = {Springer},
}

@article{suzen2020,
  title = {{Automatic Short Answer Grading and Feedback Using Text Mining Methods}},
  author = {S{\"u}zen, Neslihan and Gorban, Alexander N. and Levesley, Jeremy and Mirkes, Evgeny M.},
  journal = {Procedia Computer Science},
  volume = {169},
  number = {1},
  year = {2020}, 
  pages = {726--743},
  publisher = {Elsevier},
}

@article{yang2021,
  title = {{Human-Centered Artificial Intelligence in Education: Seeing the Invisible through the Visible}},
  author = {Yang, Stephen J. H. and Ogata, Hiroaki and Matsui, Tatsunori and Chen, Nian-Shing},
  journal = {Computers and Education: Artificial Intelligence},
  volume = {2},
  number = {1},
  year = {2021},
  pages = {100008},
  publisher = {Elsevier},
}

@article{basu2013,
  title = {{Powergrading: A Clustering Approach to Amplify Human Effort for Short Answer Grading}},
  author = {Basu, Sumit and Jacobs, Chuck and Vanderwende, Lucy},
  journal = {Transactions of the Association for Computational Linguistics},
  volume = {1},
  number = {1},
  year = {2013},
  pages = {391--402},
  publisher = {MIT Press},
}

@article{sahu2020,
  title = {{Feature Engineering and Ensemble-Based Approach for Improving Automatic Short-Answer Grading Performance}},
  author = {Sahu, Archana and Bhowmick, Plaban Kumar},
  journal = {IEEE Transactions on Learning Technologies},
  year = {2020},
  volume = {13},
  number = {1},
  pages = {77--90},
  publisher = {IEEE},
}

@article{tan2020,
  title = {{Automatic Short Answer Grading by Encoding Student Responses via a Graph Convolutional Network}},
  author = {Tan, Hongye and Wang, Chong and Duan, Qinglong and Lu, Yu and Zhang, Hu and Li, Ru},
  journal = {Interactive Learning Environments},
  year  = {2020},
  volume = {28},
  number = {1},
  pages = {1--15},
  publisher = {Taylor \& Francis},
}

@article{landauer1998,
  title = {{An Introduction to Latent Semantic Analysis}},
  author = {Landauer, Thomas K. and Foltz, Peter W. and Laham, Darrell},
  journal = {Discourse Processes},
  year  = {1998},
  volume = {25},
  number = {2},
  pages = {259--284},
  publisher = {Routledge},
}

@article{zhang2020,
  title = {{Going Deeper: Automatic Short-Answer Grading by Combining Student and Question Models}},
  author = {Zhang, Yuan and Lin, Chen and Chi, Min},
  journal = {User Modeling and User-Adapted Interaction},
  year = {2020},
  volume = {30},
  number = {1},
  pages = {51--80},
  publisher = {Springer},
}

@article{zhang2022,
  title = {{An Automatic Short-Answer Grading Model for Semi-Open-Ended Questions}},
  author = {Zhang, Lishan and Huang, Yuwei and Yang, Xi and Yu, Shengquan and Zhuang, Fuzhen},
  journal = {Interactive Learning Environments},
  year  = {2022},
  volume = {30},
  number = {1},
  pages = {177--190},
  publisher = {Routledge},
}

@article{mao2018,
  title = {{Validation of Automated Scoring for a Formative Assessment that Employs Scientific Argumentation}},
  author = {Mao, Liyang and Liu, Ou Lydia and Roohr, Katrina and Belur, Vinetha and Mulholland, Matthew and Lee, Hee-Sun and Pallant, Amy},
  journal = {Educational Assessment},
  year = {2018},
  volume = {23},
  number = {2},
  pages = {121--138},
  publisher = {Routledge},    
}

@article{chakraborty2017,
  title = {{A Fuzzy Indiscernibility Based Measure of Distance between Semantic Spaces Towards Automatic Evaluation of Free Text Answers}},
  author = {Chakraborty, Udit Kr. and Roy, Samir and Choudhury, Sankhayan},
  journal = {International Journal of Uncertainty, Fuzziness and Knowledge-Based Systems},
  year = {2017},
  volume = {25},
  number = {6},
  pages = {987--1004},
  publisher = {World Scientific},
}

@article{jordan2012,
  title = {{Student Engagement with Assessment and Feedback: Some Lessons from Short-Answer Free-Text e-Assessment Questions}},
  author = {Jordan, Sally},
  journal = {Computers \& Education},
  volume = {58},
  number = {2},
  pages = {818--834},
  year = {2012},
  publisher = {Elsevier},
}

@article{pado2021,
  title = {{Determinants of Grader Agreement: An Analysis of Multiple Short Answer Corpora}},
  author = {Pad{\'o}, Ulrike and Pad{\'o}, Sebastian},
  journal = {Language Resources and Evaluation},
  volume = {55},
  number = {2},
  pages = {1--30},
  year = {2021},
  publisher = {Springer},
}

@article{roy2018,
  title = {{Selection of Automatic Short Answer Grading Techniques Using Contextual Bandits for Different Evaluation Measures}},
  author = {Roy, Shourya and Rajkumar, Arun and Narahari, Y.},
  journal = {International Journal of Advances in Engineering Sciences and Applied Mathematics},
  year = {2018},
  volume = {10},
  number = {1},
  pages = {105--113},
  publisher = {Springer},
}

@article{marneffe2021,
  title = {{Universal Dependencies}},
  author = {Marneffe, Marie-Catherine and Manning, Christopher D. and Nivre, Joakim and Zeman, Daniel},
  journal = {Computational Linguistics},
  year = {2021},
  volume = {47},
  number = {2},
  pages = {255--308},
  publisher = {MIT Press},
}

@article{dunlap2005,
  author = {Dunlap, Joanna C.},
  title = {{Workload Reduction in Online Courses: Getting Some Shuteye}},
  journal = {Performance Improvement},
  volume = {44},
  number = {5},
  pages = {18--25},
  year = {2005},
  publisher = {Wiley Online Library},
}

@inproceedings{rosenberg2007,
  title = {{{V}-Measure: A Conditional Entropy-Based External Cluster Evaluation Measure}},
  author = {Rosenberg, Andrew and Hirschberg, Julia},
  booktitle = {Proceedings of the 2007 Joint Conference on Empirical Methods in Natural Language Processing and Computational Natural Language Learning ({EMNLP}-{C}o{NLL})},
  month = {Jun},
  volume = {12},
  year = {2007},
  pages = {410--420},
  address = {Prague, Czechia},
  publisher = {Association for Computational Linguistics},  
}

@inproceedings{siemens2012,
  author = {Siemens, George and Baker, Ryan S. J. d.},
  title = {{Learning Analytics and Educational Data Mining: Towards Communication and Collaboration}},
  booktitle = {Proceedings of the 2nd International Conference on Learning Analytics and Knowledge},
  series = {LAK '12},
  month = {Apr},
  volume = {2},
  year = {2012},
  pages = {252--254},
  address = {Vancouver, Canada},
  publisher = {Association for Computing Machinery},
}

@inproceedings{ming2005,
  title = {{Reduction of Teacher Workload in a Formative Assessment Environment through use of Online Technology}}, 
  author = {Ming, Low Sew},
  booktitle = {6th International Conference on Information Technology Based Higher Education and Training},
  month = {Jul},
  year = {2005},
  volume = {6},
  pages = {18--21},
  address = {Santo Domingo, Dominican Republic},
  publisher = {IEEE},
}

@inproceedings{bailey2008,
  title = {{Diagnosing Meaning Errors in Short Answers to Reading Comprehension Questions}},
  author = {Bailey, Stacey and Meurers, Detmar},
  booktitle = {Proceedings of the Third Workshop on Innovative Use of NLP for Building Educational Applications},
  series = {EANL '08},
  month = {Jun},
  year = {2008},
  volume = {3},
  address = {Columbus (OH), USA},
  pages = {107--115},
  publisher = {Association for Computational Linguistics},
}

@inproceedings{siddiqi2008,
  title = {{On the Automated Assessment of Short Free-Text Responses}},
  author = {Siddiqi, Raheel and Harrison, Christopher J.},
  booktitle = {Proceedings of the 34th International Association for Educational Assessment Annual Conference},
  series = {IAEA Conference},
  month = {Sep},
  year = {2008},
  volume = {34},
  address = {Cambridge, United Kingdom},
  pages = {1--11},
  publisher = {IAEA},
}

@inproceedings{funayama2020,
  title = {Preventing Critical Scoring Errors in Short Answer Scoring with Confidence Estimation},
  author = {Funayama, Hiroaki and Sasaki, Shota and Matsubayashi, Yuichiroh and Mizumoto, Tomoya and Suzuki, Jun and Mita, Masato and Inui, Kentaro},
  booktitle = {Proceedings of the 58th Annual Meeting of the Association for Computational Linguistics: Student Research Workshop},
  month = {Jul},
  year = {2020},
  volume = {58},
  pages = {237--243},
  address = {Online Event},
  publisher = {Association for Computational Linguistics},
}

@inproceedings{ding2020,
  title = {{Don't Take {``}nswvtnvakgxpm{''} for an Answer - The Surprising Vulnerability of Automatic Content Scoring Systems to Adversarial Input}},
  author = {Ding, Yuning and Riordan, Brian and Horbach, Andrea and Cahill, Aoife and Zesch, Torsten},
  booktitle = {Proceedings of the 28th International Conference on Computational Linguistics},
  month = {Dec},
  year = {2020},
  volume = {28},
  pages = {882--892},
  address = {Barcelona, Spain (Virtual Event)},
  publisher = {International Committee on Computational Linguistics},
}

@inproceedings{filighera2020,
  title = {{Fooling Automatic Short Answer Grading Systems}},
  author = {Filighera, Anna and Steuer, Tim and Rensing, Christoph},
  booktitle = {Proceedings of the 21st International Conference on Artificial Intelligence in Education},
  series = {AIED' 2020},
  year = {2020},
  volume = {21},
  pages = {177--190},
  address = {Ifrane, Morocco},
  publisher = {Springer International Publishing},
}

@inproceedings{ramachandran2015a,
  title = {{Generating Reference Texts for Short Answer Scoring Using Graph-based Summarization}},
  author = {Ramachandran, Lakshmi and Foltz, Peter},
  booktitle = {Proceedings of the Tenth Workshop on Innovative Use of {NLP} for Building Educational Applications},
  month = {Jun},
  year = {2015},
  volume = {10},
  pages = {207--212},
  address = {Denver (CO), USA},
  publisher = {Association for Computational Linguistics},
}

@inproceedings{ramachandran2015b,
  title = {{Identifying Patterns For Short Answer Scoring Using Graph-based Lexico-Semantic Text Matching}},
  author = {Ramachandran, Lakshmi and Cheng, Jian and Foltz, Peter},
  booktitle = {Proceedings of the Tenth Workshop on Innovative Use of {NLP} for Building Educational Applications},
  month = {Jun},
  year = {2015},
  volume = {10},
  pages = {97--106},
  address = {Denver (CO), USA},
  publisher = {Association for Computational Linguistics},
}

@inproceedings{heilman2015,
  title = {{The Impact of Training Data on Automated Short Answer Scoring Performance}},
  author = {Heilman, Michael and Madnani, Nitin},
  booktitle = {Proceedings of the Tenth Workshop on Innovative Use of {NLP} for Building Educational Applications},
  month = {Jun},
  volume = {10},
  year = {2015},
  pages = {81--85},
  address = {Denver (CO), USA},
  publisher = {Association for Computational Linguistics},
}

@inproceedings{sung2019a,
  title = {{Pre-Training {BERT} on Domain Resources for Short Answer Grading}},
  author = {Sung, Chul and Dhamecha, Tejas and Saha, Swarnadeep and Ma, Tengfei and Reddy, Vinay and Arora, Rishi},
  booktitle = {Proceedings of the 2019 Conference on Empirical Methods in Natural Language Processing and the 9th International Joint Conference on Natural Language Processing (EMNLP-IJCNLP)},
  month = {Nov},
  volume = {9},
  year = {2019},
  pages = {6071--6075},
  address = {Hong Kong, China},
  publisher = {Association for Computational Linguistics},
}

@inproceedings{mohler2009,
  title = {Text-to-Text Semantic Similarity for Automatic Short Answer Grading},
  author = {Mohler, Michael  and Mihalcea, Rada},
  booktitle = {Proceedings of the 12th Conference of the {E}uropean Chapter of the {ACL} ({EACL} 2009)},
  month = {Mar},
  year = {2009},
  volume = {12},
  pages = {567--575},
  address = {Athens, Greece},
  publisher = {Association for Computational Linguistics},
}

@inproceedings{marvaniya2018,
  title = {{Creating Scoring Rubric from Representative Student Answers for Improved Short Answer Grading}},
  author = {Marvaniya, Smit and Saha, Swarnadeep and Dhamecha, Tejas I. and Foltz, Peter and Sindhgatta, Renuka and Sengupta, Bikram},
  booktitle = {Proceedings of the 27th ACM International Conference on Information and Knowledge Management},
  series = {CIKM '18},
  month = {Oct},
  year = {2018},
  volume = {27},
  pages = {993--1002},
  numpages = {10},
  address = {Torino, Italy},
  publisher = {Association for Computing Machinery},
}

@inproceedings{oliveira2014,
  title = {{Combining Clustering and Classification Approaches for Reducing the Effort of Automatic Tweets Classification}},
  author = {Oliveira, Elias and Basoni, Henrique G. and Sa{\'u}de, Marcos R. and Ciarelli, Patrick M.},
  booktitle = {Proceedings of the International Conference on Knowledge Discovery and Information Retrieval - KDIR, (IC3K 2014)},
  series = {KDIR '14},
  month = {Oct},
  year = {2014},
  volume = {6},
  pages = {465--472},
  address = {Rome, Italy},
  publisher = {SciTePress},
}

@inproceedings{kar2017,
  author = {Kar, Sadhu P. and Chatterjee, Rajeev and Mandal, Jyotsna K.},
  title = {A Novel Automated Assessment Technique in e-Learning Using Short Answer Type Questions},
  booktitle = {Proceedings of the 1st International Conference on Computational Intelligence, Communications, and Business Analytics},
  series = {CICBA 2017},
  month = {Mar},
  year = {2017},
  volume = {1},
  pages = {141--149},
  address = {Kolkata, India},
  publisher = {Springer Singapore},
}

@inproceedings{pribadi2017,
  title = {{Automatic Short Answer Scoring Using Words Overlapping Methods}},
  author = {Pribadi, Feddy S. and Adji, Teguh B. and Permanasari, Adhistya E. and Mulwinda, Anggraini and Utomo, Aryo B.},
  booktitle = {AIP Conference Proceedings},
  month = {Mar},
  year = {2017},
  volume = {1818},
  pages = {020042:1--020042:6},
  address = {Bandung, Indonesia},
  publisher = {AIP Publishing LLC},
}

@inproceedings{lun2020,
  title = {{Multiple Data Augmentation Strategies for Improving Performance on Automatic Short Answer Scoring}},
  author = {Lun, Jiaqi and Zhu, Jia and Tang, Yong and Yang, Min},
  booktitle = {Proceedings of the AAAI Conference on Artificial Intelligence},
  month = {Feb},
  year = {2020},
  volume = {34},
  number = {09},
  pages = {13389--13396},
  address = {New York (NY), USA},
  publisher = {AAAI Press},
}

@inproceedings{zhang2016,
  title = {{Deep Learning+ Student Modeling+ Clustering: A Recipe for Effective Automatic Short Answer Grading}},
  author = {Zhang, Yuan and Shah, Rajat and Chi, Min},
  booktitle = {Proceedings of the 9th International Conference on Educational Data Mining},
  series = {EDM 2016},
  month = {Jul},
  year = {2016},
  volume = {09},
  pages = {562--567},
  address = {Raleigh (NC), USA},
  publisher = {ERIC},
}

@inproceedings{zesch2015,
  title = {{Reducing Annotation Efforts in Supervised Short Answer Scoring}},
  author = {Zesch, Torsten and Heilman, Michael and Cahill, Aoife},
  booktitle = {Proceedings of the Tenth Workshop on Innovative Use of {NLP} for Building Educational Applications},
  month = {Jun},
  year = {2015},
  volume = {10},
  pages = {124--132},
  address = {Denver (CO), USA},
  publisher = {Association for Computational Linguistics},
}

@inproceedings{condor2021,
  title = {{Automatic Short Answer Grading with SBERT on Out-of-Sample Questions}},
  author = {Condor, Aubrey and Litster, Max and Pardos, Zachary},
  booktitle = {Proceedings of the 14th International Conference on Educational Data Mining (EDM)},
  month = {Jul},
  year = {2021},
  volume = {14},
  pages = {345--352},
  address = {Virtual Event},
  publisher = {ERIC},
}


@inproceedings{bonthu2021,
  title = {{Automated Short Answer Grading Using Deep Learning: A Survey}},
  author = {Bonthu, Sridevi and Rama Sree, S. and Krishna-Prasad, M. H. M.},
  booktitle = {Proceedings of the 5th International Cross-Domain Conference for Machine Learning and Knowledge Extraction (CD-MAKE'2021)},
  month = {Aug},
  year = {2021},
  volume = {5},
  pages = {61--78},
  address = {Virtual Event},
  publisher = {Springer},
}

@inproceedings{azad2020,
  title = {{Strategies for Deploying Unreliable AI Graders in High-Transparency High-Stakes Exams}},
  author = {Azad, Sushmita and Chen, Binglin and Fowler, Maxwell and West, Matthew and Zilles, Craig},
  booktitle = {Proceedings of the 21st International Conference on Artificial Intelligence in Education},
  series = {AIED' 2020},
  month = {Jul},
  year = {2020},
  volume = {21},
  pages = {16--28},
  address = {Ifrane, Morocco},
  publisher = {Springer International Publishing},
}

@inproceedings{condor2020,
  title = {{Exploring Automatic Short Answer Grading as a Tool to Assist in Human Rating}},
  author = {Condor, Aubrey},
  booktitle = {Proceedings of the 21st International Conference on Artificial Intelligence in Education},
  series = {AIED' 2020},
  month = {Jul},
  year = {2020},
  volume = {21},
  pages = {74--79},
  address = {Ifrane, Morocco},
  publisher = {Springer International Publishing},
}

@inproceedings{mohler2011,
  title = {{Learning to Grade Short Answer Questions using Semantic Similarity Measures and Dependency Graph Alignments}},
  author = {Mohler, Michael and Bunescu, Razvan and Mihalcea, Rada},
  booktitle = {Proceedings of the 49th Annual Meeting of the Association for Computational Linguistics: Human Language Technologies},
  month = {Jun},
  year = {2011},
  volume = {10},
  pages = {752--762},
  address = {Portland (OR), USA},
  publisher = {Association for Computational Linguistics},
}

@inproceedings{jimenez2013,
  title = {{SOFTCARDINALITY: Hierarchical Text Overlap for Student Response Analysis}},
  author = {Jimenez, Sergio and Becerra, Claudia and Gelbukh, Alexander},
  booktitle = {Second Joint Conference on Lexical and Computational Semantics (* SEM), Volume 2: Proceedings of the Seventh International Workshop on Semantic Evaluation (SemEval 2013)},
  month = {Jun},
  year = {2013},
  volume = {7},
  pages = {280--284},
  address = {Atlanta (GA), USA},
  publisher = {Association for Computational Linguistics},
}

@inproceedings{roy2016,
  title = {{Wisdom of Students: A Consistent Automatic Short Answer Grading Technique}},
  author = {Roy, Shourya and Dandapat, Sandipan and Nagesh, Ajay and Narahari, Y.},
  booktitle = {Proceedings of the 13th International Conference on Natural Language Processing},
  month = {Dec},
  year = {2016},
  volume = {13},
  pages = {178--187},
  address = {Varanasi, India},
  publisher = {NLP Association of India},
}

@inproceedings{banjade2015,
  title = {{Using an Implicit Method for Coreference Resolution and Ellipsis Handling in Automatic Student Answer Assessment}},
  author = {Banjade, Rajendra and Rus, Vasile and Niraula, Nobal Bikram},
  booktitle = {The Twenty-Eighth International Flairs Conference},
  month = {May},
  year = {2015},
  volume = {28},
  pages = {150--155},
  address = {Hollywood (FL), USA},
  publisher = {AAAI Press},
}

@inproceedings{saha2018,
  title = {{Sentence Level or Token Level Features for Automatic Short Answer Grading?: Use Both}},
  author = {Saha, Swarnadeep and Dhamecha, Tejas I. and Marvaniya, Smit and Sindhgatta, Renuka and Sengupta, Bikram},
  booktitle = {Proceedings of the 19th International Conference on Artificial Intelligence in Education},
  series = {AIED' 2018},
  month = {Jun},
  year = {2018},
  volume = {19},
  pages = {503--517},
  address = {London, United Kingdom},
  publisher = {Springer International Publishing},
}

@inproceedings{ishioka2017,
  title = {{Overwritable Automated Japanese Short-Answer Scoring and Support System}},
  author = {Ishioka, Tsunenori and Kameda, Masayuki},
  booktitle = {Proceedings of the International Conference on Web Intelligence (WI'2017)},
  year = {2017},
  month = {Aug},
  pages = {50--56},
  volume = {1},
  address = {Leipzig, Germany},
  publisher = {Association for Computing Machinery},
}

@inproceedings{riordan2019,
  title = {{How to Account for Mispellings: Quantifying the Benefit of Character Representations in Neural Content Scoring Models}},
  author = {Riordan, Brian and Flor, Michael and Pugh, Robert},
  booktitle = {Proceedings of the Fourteenth Workshop on Innovative Use of NLP for Building Educational Applications},
  month = {Aug},
  year = {2019},
  volume = {14},
  pages = {116--126},
  address = {Florence, Italy},
  publisher = {Association for Computational Linguistics},
}

@inproceedings{agarwal2020,
  title = {{{S}c{AA}: A Dataset for Automated Short Answer Grading of Children{'}s free-text Answers in {H}indi and {M}arathi}},
  author = {Agarwal, Dolly and Gupta, Somya and Baghel, Nishant},
  booktitle = {Proceedings of the 17th International Conference on Natural Language Processing (ICON)},
  month = {Dec},
  year = {2020},
  volume = {17},
  pages = {430--436},
  address = {Patna, India},
  publisher = {NLP Association of India (NLPAI)},
}


@inproceedings{kumar2019,
  title = {{Get it Scored Using AutoSAS - An Automated System for Scoring Short Answers}},
  author = {Kumar, Yaman and Aggarwal, Swati and Mahata, Debanjan and Shah, Rajiv Ratn and Kumaraguru, Ponnurangam and Zimmermann, Roger},
  booktitle = {{Proceedings of the AAAI Conference on Artificial Intelligence}},
  month = {Feb},
  year = {2019},
  volume = {33},
  pages = {9662--9669},
  address = {Honolulu (HI), USA},
  publisher = {AAAI Press},
}

@inproceedings{gomaa2019,
  title = {{Ans2vec: A Scoring System for Short Answers}},
  author = {Gomaa, Wael Hassan and Fahmy, Aly Aly},
  booktitle = {The International Conference on Advanced Machine Learning Technologies and Applications (AMLTA'2019)},
  month = {Mar},
  year = {2019},
  volume = {4},
  pages = {586--595},
  address = {Cairo, Egypt},
  publisher = {Springer},
}

@inproceedings{sultan2016,
  title = {{Fast and Easy Short Answer Grading with High Accuracy}},
  author = {Sultan, Md Arafat and Salazar, Cristobal and Sumner, Tamara},
  booktitle = {Proceedings of the 2016 Conference of the North {A}merican Chapter of the Association for Computational Linguistics: Human Language Technologies},
  month = {Jun},
  year = {2016},
  volume = {15},
  pages = {1070--1075},
  address = {San Diego (CA), USA},
  publisher = {Association for Computational Linguistics},
}

@inproceedings{banjade2016,
  title = {{Evaluation Dataset (DT-Grade) and Word Weighting Approach Towards Constructed Short Answers Assessment in Tutorial Dialogue Context}},
  author = {Banjade, Rajendra and Maharjan, Nabin and Niraula, Nobal B. and Gautam, Dipesh and Samei, Borhan and Rus, Vasile},
  booktitle = {Proceedings of the 11th Workshop on Innovative Use of NLP for Building Educational Applications},
  month = {Jun},
  year = {2016},
  volume = {11},
  pages = {182--187},
  address = {San Diego (CA), USA},
  publisher = {Association for Computational Linguistics},
}

@inproceedings{riordan2017,
  title = {{Investigating Neural Architectures for Short Answer Scoring}},
  author = {Riordan, Brian and Horbach, Andrea and Cahill, Aoife and Zesch, Torsten and Lee, Chong Min},
  booktitle = {Proceedings of the 12th Workshop on Innovative Use of {NLP} for Building Educational Applications},
  month = {Sep},
  year = {2017},
  volume = {12},
  pages = {159--168},
  address = {Copenhagen, Denmark},
  publisher = {Association for Computational Linguistics},
}

@inproceedings{ghavidel2020,
  title = {{Using BERT and XLNET for the Automatic Short Answer Grading Task}},
  author = {Ghavidel, Hadi and Zouaq, Amal and Desmarais, Michel},
  booktitle = {Proceedings of the 12th International Conference on Computer Supported Education (CSEDU)},
  series = {CSEDU 2020},
  month = {Mai},
  year = {2020},
  volume = {12},
  pages = {58--67},
  address = {Prague, Czechia (Virtual Event)},
  publisher = {SciTePress},
}

@inproceedings{liu2019,
  title = {{Automatic Short Answer Grading via Multiway Attention Networks}},
  author = {Liu, Tiaoqiao and Ding, Wenbiao and Wang, Zhiwei and Tang, Jiliang and Huang, Gale Yan and Liu, Zitao},
  booktitle = {20th International Conference on Artificial Intelligence in Education},
  series = {AIED' 2019},
  month = {Jun},
  year = {2019},
  volume = {20},
  pages = {169--173},
  address = {Chicago (IL), USA},
  publisher = {Springer},
}

@inproceedings{mizumoto2019,
  title = {{Analytic Score Prediction and Justification Identification in Automated Short Answer Scoring}},
  author = {Mizumoto, Tomoya and Ouchi, Hiroki and Isobe, Yoriko and Reisert, Paul and Nagata, Ryo  and Sekine, Satoshi and Inui, Kentaro},
  booktitle = {Proceedings of the Fourteenth Workshop on Innovative Use of NLP for Building Educational Applications},
  month = {Aug},
  year = {2019},
  volume = {14},
  pages = {316--325},
  address = {Florence, Italy},
  publisher = {Association for Computational Linguistics},
}

@inproceedings{galhardi2018a,
  title = {{Machine Learning Approach for Automatic Short Answer Grading: A Systematic Review}},
  author = {Galhardi, Lucas Busatta and Brancher, Jacques Du{\'i}lio},
  booktitle = {Proceedings of the 16th Ibero-American Conference on Artificial Intelligence - IBERAMIA 2018},
  series = {IBERAMIA 2018},
  month = {Nov},
  year = {2018},
  volume = {16},
  pages = {380--391},
  address = {Trujillo, Peru},
  publisher = {Springer International Publishing},
}

@inproceedings{galhardi2018b,
  title = {{Portuguese Automatic Short Answer Grading}},
  author = {Galhardi, Lucas B. and Barbosa, Cinthyan R. S. C. and Souza, Rodrigo C. T. and Brancher, Jacques D.},
  booktitle = {Proceedings of the 29th Brazilian Symposium on Computers in Education (SBIE'2018)},
  month = {Oct},
  year = {2018},
  volume = {29},
  pages = {1373--1382},
  address = {Fortaleza (CE), Brazil},
  publisher = {Sociedade Brasileira de Computa{\c c}{\~ a}o},
}

@inproceedings{galhardi2018c,
  title = {{Exploring Distinct Features for Automatic Short Answer Grading}},
  author = {Galhardi, Lucas B. and Senefonte, Helen and Souza, Rodrigo and Brancher, Jacques},
  booktitle = {Anais do XV Encontro Nacional de Intelig{\^e}ncia Artificial e Computacional},
  series = {XV ENIAC},
  month = {Oct},
  year = {2018},
  volume = {15},
  pages = {1--12},
  address = {S{\~a}o Paulo (SP), Brazil},
  publisher = {Sociedade Brasileira de Computa{\c c}{\~ a}o},
}

@inproceedings{galhardi2020,
  title = {{Automatic Grading of Portuguese Short Answers Using a Machine Learning Approach}},
  author = {Lucas Galhardi and Rodrigo de Souza and Jacques Brancher},
  booktitle = {Anais do XVI Simp{\'o}sio Brasileiro de Sistemas de Informa{\c c}{\~a}o (SBSI'2020)},
  month = {Nov},
  year = {2020},
  volume = {16},
  pages = {109--124},
  address = {S{\~a}o Bernardo do Campo (SP), Brazil (Online Event)},
  publisher = {Sociedade Brasileira de Computa{\c c}{\~a}o},
}

@inproceedings{gomes-rocha2021,
  title = {{Supervised Machine Learning for Automatic Assessment of Free-Text Answers}},
  author = {Gomes-Rocha, Fabio and Rodriguez, Guillermo and Andrade, Eli Emanuel F. and Guimar{\~a}es, Adolfo and Gon{\c{c}}alves, Vitor and Sabino, Rosimeri F.},
  booktitle = {Proceeding of the 20th Mexican International Conference on Artificial Intelligence (MICAI'2021)},
  month = {Oct},
  year = {2021},
  volume = {20},
  pages = {3--12},
  address = {Mexico City, Mexico (Online Event)},
  publisher = {Springer International Publishing},
}

@inproceedings{steimel2020,
  title = {{Towards Instance-Based Content Scoring with Pre-Trained Transformer Models}},
  author = {Steimel, Kenneth and Riordan, Brian},
  booktitle = {Proceedings of the Thirty-Fourth AAAI Conference on Artificial Intelligence},
  month = {Feb},
  year = {2020},
  volume = {34},
  pages = {1--3},
  address = {New York (NY), USA},
  publisher = {AAAI Press},
}

@inproceedings{kumar2017,
  title = {{Earth Mover's Distance Pooling over Siamese LSTMs for Automatic Short Answer Grading}},
  author = {Kumar, Sachin and Chakrabarti, Soumen and Roy, Shourya},
  booktitle = {Proceedings of the 26th International Joint Conference on Artificial Intelligence},
  series = {IJCAI'17},
  month = {Aug},
  year = {2017},
  volume = {26},
  numpages = {7},
  pages = {2046--2052},
  address = {Melbourne, Australia},
  publisher = {AAAI Press},
}

@inproceedings{sakaguchi2015,
  title = {{Effective Feature Integration for Automated Short Answer Scoring}},
  author = {Sakaguchi, Keisuke and Heilman, Michael and Madnani, Nitin},
  booktitle = {Proceedings of the 2015 Conference of the North American Chapter of the Association for Computational Linguistics: Human Language Technologies},
  month = {May},
  year = {2015},
  volume = {14},
  pages = {1049--1054},
  address = {Denver (CO), USA},
  publisher = {Association for Computational Linguistics},
}

@inproceedings{horbach2018,
  title = {Semi-Supervised Clustering for Short Answer Scoring},
  author = {Horbach, Andrea and Pinkal, Manfred},
  booktitle = {Proceedings of the Eleventh International Conference on Language Resources and Evaluation ({LREC} 2018)},
  series = {LREC 2018},
  month = {May},
  year = {2018},
  volume = {11},
  pages = {4065--4071},
  address = {Miyazaki, Japan},
  publisher = {European Language Resources Association (ELRA)},
}

@inproceedings{wang2019,
  title = {{Inject Rubrics into Short Answer Grading System}},
  author = {Wang, Tianqi and Inoue, Naoya and Ouchi, Hiroki and Mizumoto, Tomoya and Inui, Kentaro},
  booktitle = {Proceedings of the 2nd Workshop on Deep Learning Approaches for Low-Resource NLP (DeepLo 2019)},
  series = {DeepLo 2019},
  month = {Nov},
  year = {2019},
  volume = {2},
  pages = {175--182},
  address = {Hong Kong, China},
  publisher = {Association for Computational Linguistics},
}

@inproceedings{spalenza2016a,
  title = {{Uso de Mapa de Caracter{\'i}sticas na Avalia{\c c}{\~a}o de Textos Curtos nos Ambientes Virtuais de Aprendizagem}},
  author = {Spalenza, Marcos A. and Nogueira, Matheus A. and Oliveira, Marcia G. and Oliveira, Elias},
  booktitle = {XXVII Brazilian Symposium on Computers in Education (Simp{\'o}sio Brasileiro de Inform{\'a}tica na Educa{\c c}{\~a}o},
  series = {SBIE 2016},
  month = {Oct},
  year = {2016},
  volume = {27},
  pages = {1165--1174},
  address = {Uberl{\^a}ndia (MG), Brazil},
  publisher = {Sociedade Brasileira de Computa{\c c}{\~ a}o},
}

@inproceedings{spalenza2016b,
  title = {Constru{\c c}{\~a}o de Mapas de Caracter{\'i}sticas em Classes de Respostas Discursivas},
  author = {Spalenza, Marcos A. and Nogueira, Matheus A. and Oliveira, Marcia G. and Oliveira, Elias},
  booktitle = {Confer{\^e}ncia Internacional sobre Inform{\'a}tica na Educa{\c c}{\~a}o (TISE 2016)},
  series = {TISE 2016},
  month = {Nov},
  year = {2016},
  volume = {12},
  pages = {630--635},
  address = {Santiago, Chile},
  publisher = {Centro de Computaci{\'o}n y Comunicaci{\'o}n para la Construcci{\'o}n del Conocimiento (C5)},
}

@inproceedings{krithika2015,
  title = {Learning to Grade Short Answers Using Machine Learning Techniques},
  author = {Krithika, R. and Narayanan, Jayasree},
  booktitle = {Proceedings of the Third International Symposium on Women in Computing and Informatics},
  series = {WCI '15},
  month = {Aug},
  year = {2015},
  volume = {3},
  pages = {262--271},
  numpages = {10},
  address = {Kochi, India},
  publisher = {Association for Computing Machinery},
}

@inproceedings{ziai2012,
  title = {{Short Answer Assessment: Establishing Links Between Research Strands}},
  author = {Ziai, Ramon and Ott, Niels and Meurers, Detmar},
  booktitle = {Proceedings of the Seventh Workshop on Building Educational Applications Using NLP},
  series = {NAACL HLT '12},
  month = {Jun},
  year = {2012},
  volume = {7},
  pages = {190--200},
  numpages = {11},
  address = {Montreal, Canada},
  publisher = {Association for Computational Linguistics},
}

@inproceedings{camus2020,
  title = {{Investigating Transformers for Automatic Short Answer Grading}},
  author = {Camus, Leon and Filighera, Anna},
  booktitle = {Proceedings of the 21st International Conference on Artificial Intelligence in Education},
  series = {AIED' 2020},
  month = {Jul},
  year = {2020},
  volume = {21},
  pages = {43--48},
  address = {Ifrane, Morocco},
  publisher = {Springer International Publishing},
}

@inproceedings{fowler2021,
  title = {{Autograding {``}Explain in Plain English{''} Questions Using NLP}},
  author = {Fowler, Max and Chen, Binglin and Azad, Sushmita and West, Matthew and Zilles, Craig},
  booktitle = {Proceedings of the 52nd ACM Technical Symposium on Computer Science Education},
  series = {SIGCSE'21},
  month = {Mar},
  year = {2021},
  volume = {52},
  pages = {1163--1169},
  numpages = {7},
  address = {New York (NY), USA (Virtual Event)},
  publisher = {Association for Computing Machinery},
}

@inproceedings{sung2019b,
  title = {{Improving Short Answer Grading Using Transformer-Based Pre-training}},
  author = {Sung, Chul and Dhamecha, Tejas Indulal and Mukhi, Nirmal},
  booktitle = {Proceedings of the 20th International Conference on Artificial Intelligence in Education},
  series = {AIED' 2019},
  month = {Jun},
  year = {2019},
  volume = {20},
  pages = {469--481},
  address = {Chicago (IL), USA},
  publisher = {Springer},
}

@inproceedings{menini2019,
  title = {{Automated Short Answer Grading: A Simple Solution for a Difficult Task}},
  author = {Menini, Stefano and Tonelli, Sara and De Gasperis, Giovanni and Vittorini, Pierpaolo},
  booktitle = {Proceedings of the Sixth Italian Conference on Computational Linguistics},
  series = {CLiC-it},
  month = {Nov},
  year = {2019},
  volume = {6},
  pages = {48.1--48.7},
  address = {Bari, Italy},
  publisher = {CEUR-WS},
}

@inproceedings{zesch2018,
    title = {{{ESCRITO} - An {NLP}-Enhanced Educational Scoring Toolkit}},
    author = {Zesch, Torsten and Horbach, Andrea},
    booktitle = {Proceedings of the Eleventh International Conference on Language Resources and Evaluation ({LREC} 2018)},
    month = {May},
    year = {2018},
    volume = {11},
    pages = {2310--2316},
    address = {Miyazaki, Japan},
    publisher = {European Language Resources Association (ELRA)},
}

@inproceedings{maquine2020,
  author = {Gilmara Maquin{\'e}},
  title = {{Recursos para Avalia{\c c}{\~ a}o da Aprendizagem: Estudo Comparativo entre Ambientes Virtuais de Aprendizagem}},
  booktitle = {Anais do XXVI Workshop de Inform{\'a}tica na Escola},
  year = {2020},
  volume = {26},
  pages = {299--308},
  address = {Natal (RN) (Online), Brasil},
  publisher = {Sociedade Brasileira de Computa{\c c}{\~ a}o},
}

@inproceedings{paiva2012,
  title = {{Minera{\c c}{\~a}o de Dados e a Gest{\~a}o Inteligente da Aprendizagem: Desafios e Direcionamentos}},
  author = {Paiva, Ranilson and Bittencourt, Ig I. and Pacheco, Henrique and Silva, Alan P. and Jacques, Patr{\'i}cia and Isotani, Seiji},
  booktitle = {I Workshop de Desafios da Computa{\c c}{\~a}o Aplicada {\'a} Educação (DesafIE!2012)},
  month = {Jul},
  year = {2012},
  volume = {1},
  address = {Curitiba (PR), Brasil},
  publisher = {Sociedade Brasileira de Computa{\c c}{\~ a}o},
}

@inproceedings{campana-filho2017,
  title = {{Detec{\c c}{\~a}o de Suspeita de Pl{\'a}gio de C{\'o}digos C para Apoio ao Ensino em Programa{\c c}{\~a}o}},
  author = {Campana-Filho, Jos{\'e} C. and Oliveira, Elias and Oliveira, M{\'a}árcia G. and Nogueira, Mateus A.},
  booktitle = {Computer on the Beach},
  month = {Mai},
  year = {2017},
  volume = {8},
  pages = {436--445},
  address = {Florian{\'o}polis (SC), Brasil},
  publisher = {Universidade do Vale do Itaja{\'i} - UNIVALI},
}

@inproceedings{almeida-junior2017,
  title = {{Proposta de um Sistema de Avalia{\c{c}}{\~a}o Autom{\'a}tica de Reda{\c{c}}{\~o}es do ENEM Utilizando T{\'e}cnicas de Aprendizagem de M{\'a}quina e Processamento de Linguagem Natural}},
  author = {Almeida-J{\'u}nior, Celso R. C. and Spalenza, Marcos A. and de Oliveira, Elias},
  booktitle = {Computer on the Beach},
  month = {Mai},
  year = {2017},
  volume = {8},
  pages = {474--483},
  address = {Florian{\'o}polis (SC), Brasil},
  publisher = {Universidade do Vale do Itaja{\'i} - UNIVALI},
}

@inproceedings{spalenza2018,
  title = {{Uma Ferramenta para Minera{\c c}{\~a}o de Dados Educacionais: Extra{\c c}{\~a}o de Informa{\c c}{\~a}o em Ambientes Virtuais de Aprendizagem}},
  author = {Spalenza, Marcos A. and Nogueira, Matheus A. and Andrade, Lucas B. and Oliveira, Elias},
  booktitle = {Computer on the Beach},
  month = {Mai},
  year = {2018},
  volume = {9},
  pages = {741--750},
  address = {Florian{\'o}polis (SC), Brasil},
  publisher = {Universidade do Vale do Itaja{\'i} - UNIVALI},
}

@inproceedings{spalenza2019,
  title = {{Structures Discovering for Optimizing External Clustering Validation Metrics}},
  author = {Spalenza, Marcos A. and Pirovani, Juliana P. C. and de Oliveira, Elias},
  booktitle = {Proceedings of the 19th International Conference on Intelligent Systems Design and Applications},
  series = {ISDA 2019},
  month = {Dec},
  year = {2019},
  volume = {19},
  pages = {150--161},
  address = {Auburn (WA), USA},
  publisher = {Springer International Publishing},
}

@inproceedings{spalenza2020,
  title = {{Using NER + ML to Automatically Detect Fake News}},
  author = {Spalenza, Marcos A. and Oliveira, Elias and Lusquino-Filho, Leopoldo and Lima, Priscila M. V. and França, Felipe M. G.},
  booktitle = {Proceedings of the 20th International Conference on Intelligent Systems Design and Applications},
  series = {ISDA 2020},
  month = {Dec},
  year = {2020},
  volume = {20},
  pages = {1176--1187},
  address = {Online Event},
  publisher = {Springer International Publishing},
}

@inproceedings{pirovani2019,
  title = {{Adapting NER (CRF+LG) for Many Textual Genres}},
  author = {Pirovani, Juliana P. C. and Alves, James and Spalenza, Marcos A. and Silva, Wesley and Colombo, Cristiano S. and Oliveira, Elias},
  booktitle = {Proceedings of the Iberian Languages Evaluation Forum (IberLEF 2019)},
  series = {IberLEF - SEPLN 2019},
  month = {Sep},
  year = {2019},
  volume = {35},
  pages = {421--433},
  address = {Bilbao, Spain},
  publisher = {CEUR-WS},
}

@inproceedings{dzikovska2013,
  title = {{{S}em{E}val-2013 Task 7: The Joint Student Response Analysis and 8th Recognizing Textual Entailment Challenge}},
  author = {Dzikovska, Myroslava and Nielsen, Rodney and Brew, Chris and Leacock, Claudia and Giampiccolo, Danilo and Bentivogli, Luisa and Clark, Peter and Dagan, Ido and Dang, Hoa Trang},
  booktitle = {Second Joint Conference on Lexical and Computational Semantics (*{SEM}), Volume 2: Proceedings of the Seventh International Workshop on Semantic Evaluation ({S}em{E}val 2013)},
  month = {Jun},
  year = {2013},
  volume = {7},
  pages = {263--274},
  address = {Atlanta (GE), USA},
  publisher = {Association for Computational Linguistics},
}

@inproceedings{dzikovska2012,
  title = {{Towards Effective Tutorial Feedback for Explanation Questions: A Dataset and Baselines}},
  author = {Dzikovska, Myroslava O. and Nielsen, Rodney D. and Brew, Chris},
  booktitle = {Proceedings of the 2012 Conference of the North {A}merican Chapter of the Association for Computational Linguistics: Human Language Technologies},
  month = {Jun},
  year = {2012},
  volume = {11},
  pages = {200--210},
  address = {Montr{\'e}al, Canada},
  publisher = {Association for Computational Linguistics},
}

@inproceedings{ribeiro2016,
  title = {{"Why Should {I} Trust You?": Explaining the Predictions of Any Classifier}},
  author = {Ribeiro, Marco T. and Singh, Sameer and Guestrin, Carlos},
  booktitle = {Proceedings of the 22nd {ACM} {SIGKDD} International Conference on Knowledge Discovery and Data Mining},
  series = {KDD '16},
  month = {Aug},
  year = {2016},
  volume = {22},
  pages = {1135--1144},
  address = {San Francisco (CA), USA},
  publisher = {Association for Computing Machinery},
}

@inproceedings{mikolov2013,
  title = {{Distributed Representations of Words and Phrases and Their Compositionality}},
  author = {Mikolov, Tomas and Sutskever, Ilya and Chen, Kai and Corrado, Greg and Dean, Jeffrey},
  booktitle = {Proceedings of the 26th International Conference on Neural Information Processing Systems},
  series = {NIPS'13},
  month = {Dec},
  year = {2013},
  volume = {26},
  pages = {3111--3119},
  address = {Lake Tahoe, Nevada},
  publisher = {Curran Associates Inc.},
}

@inproceedings{malik2021,
  title = {{Generative Grading: Near Human-level Accuracy for Automated Feedback on Richly Structured Problems}},
  author = {Malik, Ali and Wu, Mike and Vasavada, Vrinda and Song, Jinpeng and Coots, Madison and Mitchell, John and Goodman, Noah and Piech, Chris},
  booktitle = {Proceedings of The 14th International Conference on Educational Data Mining (EDM)},
  month = {Apr},
  year = {2021},
  volume = {14},
  pages = {275--286},
  address = {Online Event},
  publisher = {ERIC},
}

@inproceedings{casiraghi2017,
  title = {{Elabora{\c c}{\~a}o de um Instrumento de Avalia{\c c}{\~a}o do Pensamento Cr{\'\i}tico em Estudantes Universit{\'a}rios}},
  author = {Casiraghi, Bruna and Almeida, Leandro S},
  booktitle = {Atas do V Semin{\'a}rio Internacional Cogni{\c{c}}{\~a}o, Aprendizagem e Desempenho},
  month = {Set},
  year = {2017},
  volume = {5},
  pages = {30--41},
  address = {Braga, Portugal},
  publisher = {CIEd-Universidade do Minho Portugal}
}