@article{barreira2006,
  title={{Avalia{\c c}{\~a}o Formativa: Novas Formas de Ensinar e Aprender}},
  author={Barreira, Carlos and Boavida, Jo{\~a}o and Ara{\'u}jo, Nuno},
  journal={Revista Portuguesa de Pedagogia},
  volume={40},
  number={3},
  year={2006},
  pages={95-133},
  publisher={Universidade de Coimbra},
}

@article{oliveira2005,
  title={{Compreens{\~a}o em Leitura e Avalia{\c c}{\~a}o da Aprendizagem em Universit{\'a}rios}},
  journal= {{Psicologia: Reflex{\~a}o e Cr{\'i}tica}},
  author={Oliveira, Katya L. de AND Santos, Ac{\'a}cia A. A.},
  language={pt},
  volume={18},
  year={2005},
  month={04},
  pages={118 - 124},
  publisher={SciELO},
}

@inproceedings{paiva2012,
  title={{Minera{\c c}{\~a}o de Dados e a Gest{\~a}o Inteligente da Aprendizagem: Desafios e Direcionamentos}},
  author={Paiva, Ranilson and Bittencourt, Ig I. and Pacheco, Henrique and Silva, Alan P. and Jacques, Patr{\'i}cia and Isotani, Seiji},
  booktitle={I Workshop de Desafios da Computa{\c c}{\~a}o Aplicada {\'a} Educação (DesafIE!2012)},
  year={2012},
  volume={1},
  address={Curitiba, PR, Brasil},
  publisher={Sociedade Brasileira de Computa{\c c}{\~ a}o},
  month={7},
}

@book{arter2006,
  address={Nee York, USA},
  publisher={Pearson Education},
  title={Creating \& Recognizing Quality Rubrics},
  author={J. A. Arter and J. Chappuis},
  series={Assessment Training Institute, Inc Series},
  year={2006},
}

@inproceedings{ramachandran2015b,
  title={Generating Reference Texts for Short Answer Scoring Using Graph-based Summarization},
  author={Lakshmi Ramachandran and Peter W. Foltz},
  booktitle={BEA@NAACL-HLT},
  year={2015},
  publisher={Association for Computational Linguistics},
  address={Denver, Colorado}
}

@inproceedings{ramachandran2015a,
  title={Identifying Patterns For Short Answer Scoring Using Graph-based Lexico-Semantic Text Matching},
  author={Lakshmi Ramachandran and Jian Cheng and Peter W. Foltz},
  booktitle={BEA@NAACL-HLT},
  year={2015},
  publisher={Association for Computational Linguistics},
  address={Denver, Colorado}
}

@article{noorbehbahani2011,
  author={Noorbehbahani, F. and Kardan, A. A.},
  title={The Automatic Assessment of Free Text Answers Using a Modified BLEU Algorithm},
  journal={Computers \& Education},
  volume={56},
  number={2},
  month={feb},
  year={2011},
  pages={337--345},
  numpages={9},
  publisher={Elsevier Science Ltd.},
  address={Oxford, UK, UK},
} 

@article{gomaa2012,
  author={Gomaa, Wael H. and Fahmy, Aly A.},
  title={{Short Answer Grading Using String Similarity And Corpus-Based Similarity}},
  journal={International Journal of Advanced Computer Science and Applications(IJACSA)},
  volume={3},
  number={11},
  year={2012},
}

@inproceedings{mohler2011,
  author={Mohler, Michael and Bunescu, Razvan and Mihalcea, Rada},
  title={{Learning to Grade Short Answer Questions Using Semantic Similarity Measures and Dependency Graph Alignments}},
  booktitle={Proceedings of the 49th Annual Meeting of the Association for Computational Linguistics: Human Language Technologies - Volume 1},
  series={HLT '11},
  year={2011},
  location={Portland, Oregon},
  pages={752--762},
  numpages={11},
  publisher={Association for Computational Linguistics},
  address={Stroudsburg, PA, USA},
} 

@inproceedings{mohler2009,
  title={Text-to-text Semantic Similarity for Automatic Short Answer Grading},
  author={Mohler, Michael and Mihalcea, Rada},
  booktitle={Proceedings of the 12th Conference of the European Chapter of the Association for Computational Linguistics},
  series={EACL '09},
  year={2009},
  location={Athens, Greece},
  pages={567--575},
  numpages={9},
  publisher={Association for Computational Linguistics},
  address={Stroudsburg, PA, USA},
}

@article{leffa2003,
  title={{An{\'a}lise Autom{\'a}tica da Resposta do Aluno em Ambiente Virtual}},
  journal={{Revista Brasileira de Lingu{\'i}stica Aplicada}},
  author={Leffa, Vilson J.},
  language={pt},
  volume={3},
  year={2003},
  month={00},
  pages={25 - 40},
  publisher={SciELO},
}

@article{butcher2010,
  title={{A Comparison of Human and Computer Marking of Short Free-Text Student Responses}},
  author={Philip G. Butcher and Sally E. Jordan},
  journal={Computers \& Education},
  volume={55},
  number={2},
  pages={489 - 499},
  year={2010},
}

@article{burrows2015,
  title={{The Eras and Trends of Automatic Short Answer Grading}},
  author={Burrows, Steven and Gurevych, Iryna and Stein, Benno},
  journal={International Journal of Artificial Intelligence in Education},
  year={2015},
  volume={25},
  number={1},
  pages={60-117},
}

@article{roy2016,
  title={{An Iterative Transfer Learning Based Ensemble Technique for Automatic Short Answer Grading}},
  author={Shourya Roy and Himanshu S. Bhatt and Y. Narahari},
  journal={The Computing Research Repository (CoRR)},
  volume={abs/1609.04909},
  year={2016},
  month={oct},
  publisher={dblp computer science bibliography}
}

@inproceedings{rudzewitz2015,
  author={Rudzewitz, Bj{\"o}rn and Ziai, Ramon},
  title={{CoMiC: Adapting a Short Answer Assessment System for Answer Selection}},
  booktitle={Proceedings of the 9th International Workshop on Semantic Evaluation     (SemEval 2015)},
  year={2015},
  publisher={Association for Computational Linguistics},
  pages={247--251},
  location={Denver, Colorado},
}

@article{zhener2016,
  author={Fabian Zehner and Christine S{\"a}lzer and Frank Goldhammer},
  title={{Automatic Coding of Short Text Responses via Clustering in Educational Assessment}},
  journal={Educational and Psychological Measurement},
  volume={76},
  number={2},
  pages={280-303},
  year={2016},
}

@article{oliveira2013,
  author={Oliveira, M\'{a}rcia Gon\c{c}alves and Ciarelli, Patrick Marques and Oliveira, Elias},
  title={{Recommendation of Programming Activities by Multi-label Classification for a Formative Assessment of Students}},
  journal={Expert Syst. Appl.},
  volume={40},
  number={16},
  month={nov},
  year={2013},
  pages={6641--6651},
  numpages={11},
  publisher={Pergamon Press, Inc.},
  address={Tarrytown, NY, USA},
} 

@article{perez-marin2009,
  title={{Computer-Assisted Assessment of Free-Text Answers}},
  author={P{\'e}rez-Mar{\'\i}n, Diana and Pascual-Nieto, Ismael and Rodr{\'\i}guez, Pilar},
  journal={The Knowledge Engineering Review},
  volume={24},
  number={4},
  pages={353--374},
  year={2009},
  publisher={Cambridge University Press}
}

@inproceedings{spalenza2016SBIE,
  title={{Uso de Mapa de Caracter{\'i}sticas na Avalia{\c c}{\~a}o de Textos Curtos nos Ambientes Virtuais de Aprendizagem Classes de Respostas Discursivas}},
  author={Spalenza, Marcos A. and Nogueira, Matheus A. and Oliveira, M{\'a}rcia G. and Oliveira, Elias},
  booktitle={Simp{\'o}sio Brasileiro de Inform{\'a}tica na Educa{\c c}{\~a}o (SBIE)},
  year={2016},
  volume={27},
  address={Uberl{\^a}ndia, MG, Brasil},
  publisher={Sociedade Brasileira de Computa{\c c}{\~ a}o},
  month={10},
}

@inproceedings{bailey2008,
  title={{Diagnosing Meaning Errors in Short Answers to Reading Comprehension Questions}},
  author={Stacey Bailey and Detmar Meurers},
  booktitle={Proceedings of the 3rd Workshop on Innovative Use of NLP for Building Educational Applications, held at ACL 2008},
  address={Columbus, Ohio, USA},
  publisher={Association for Computational Linguistics},
  year={2008},
  pages={107--115}
}

@article{rousseeuw1987,
  title={Silhouettes: A graphical aid to the interpretation and validation of cluster analysis},
  author={Peter J. Rousseeuw},
  journal={Journal of Computational and Applied Mathematics},
  volume={20},
  number={},
  pages={53 - 65},
  year={1987},
}

@mastersthesis{pissinati2014-master,
  title={{Uma Proposta de Corre{\c c}{\~a}o Semi-Autom{\'a}tica de Quest{\~o}es Discursivas e de Visualiza{\c c}{\~a}o de Atividades para Apoio {\`a} Atua{\c c}{\~a}o do Docente}},
  author={Pissinati, Eduardo  Marim},
  address={Vit{\'o}ria, ES},
  year={2014},
  month={Setembro},
  school={PPGI - Universidade Federal do Esp{\'i}rito Santo}
}

@mastersthesis{spalenza2017-master,
  title={{Aplica{\c c}{\~a}o de Sele{\c c}{\~a}o de Caracter{\'i}sticas para Melhoria de um Sistema Semiautom{\'a}tico de Avalia{\c c}{\~a}o de Quest{\~o}es Discursivas}},
  author={Spalenza, Marcos A.},
  address={Vit{\'o}ria, ES},
  year={2017},
  month={abril},
  school={PPGI - Universidade Federal do Esp{\'i}rito Santo}
}

@inproceedings{oliveira2014,
  author={Elias Oliveira and Henrique Gomes Basoni and Marcos Rodrigues Saude and Patrick Marques Ciarelli},
  title={{Combining Clustering and Classification Approaches for Reducing the Effort of Automatic Tweets Classification}},
  booktitle={{KDIR} 2014 - Proceedings of the International Conference on Knowledge Discovery and Information Retrieval},
  pages={465--472},
  address={Rome, Italy},
  volume={6},
  publisher={ScitePress},
  month={Oct},
  year={2014},
 
}

@inproceedings{oliveira2010,
  title={{Uma Tecnologia de Agrupamento de Respostas para Redu{\c c}{\~a}o de Esfor{\c c}o de Corre{\c c}{\~a}o de Atividades em Sistema Online de Apoio {\`a} Avalia{\c c}{\~a}o Formativa em Indexa{\c c}{\~a}o}},
  author={Oliveira, Elias and Fraga, N{\'a}dia E. B. and Oliveira, M{\'a}rcia G. and Marchesi, Rafael Z.},
  booktitle={XI Encontro Nacional de Pesquisa em Ci{\^e}ncia da Informa{\c c}{\~a}o},
  year={2010},
  month={oct},
  address={Rio de Janeiro, RJ, Brasil},
  publisher={Associa{\c c}{\~a}o Nacional de Pesquisa e P{\'o}s-Gradua{\c c}{\~a}o em Ci{\^e}ncia da Informa{\c c}{\~a}o (Ancib) }
}
